% https://dl.acm.org/citation.cfm?id=2462741
@book{Warren:2012:HD:2462741,
    author = {Warren, Henry S.},
    title = {Hacker's Delight},
    year = {2012},
    isbn = {0321842685, 9780321842688},
    edition = {2nd},
    publisher = {Addison-Wesley Professional},
}
